3060 5092
158 363 208 427 388
477 364 599 413 DIREC
602 364 627 412 T
625 364 754 415 ORIUM
781 363 1048 415 SACERDOTUM.

158 567 204 636 Jul
237 583 251 606 o
337 518 572 593 {Dominica
611 518 671 580 .vii.
715 527 791 599 post
830 518 1040 596 Trinitatem,
1080 519 1178 600 plene
1217 529 1371 582 cantetur

206 564 291 638 y.7.]
337 604 473 667 historia
488 604 594 684 (Deus
608 606 790 681 omninno:
815 606 975 667 memoria
996 615 1128 669 tantum
1149 607 1191 668 de
1217 607 1371 688 martyri-

159 690 241 751 bus.¹
291 692 330 753 ln
347 691 501 754 laudibus
518 712 635 754 omnes
651 693 835 773 antiphone
851 694 1014 756 dicuntur.

203 807 236 877 (Ι
260 803 356 865 Feria
383 804 431 878 .ii.,
457 803 499 867 de
523 812 641 866 sancto
667 802 841 879 Samsone,
861 804 1094 868 Inuitatorium
1123 804 1274 887 duplex:
1302 815 1369 868 tres

159 889 337 952 lectiones:
365 891 525 952 memoria
541 890 583 952 de
599 893 768 971 martyre?

158 1087 168 1149 l
201 1002 355 1101 (lFeria
386 1003 445 1079 ‚iii.,
475 1003 517 1065 de
555 1001 779 1084 martyribus.³
842 1003 1076 1067 Inuitatorium
1113 1004 1262 1086 duplex:
1300 1013 1368 1067 tres

171 1100 325 1151 ectronee

200 1205 235 1275 (Ι
259 1201 354 1262 Feria
384 1201 446 1264 iiii.
478 1200 520 1265 de
551 1203 675 1264 sanctis
708 1202 833 1265 Abdon
864 1211 898 1264 et
930 1201 1088 1267 Sennen:
1130 1203 1366 1266 Inuitatorium

157 1287 308 1369 duplex:
332 1289 372 1351 iii.
390 1289 557 1351 lectiones.

201 1406 234 1475 (Ι
259 1400 355 1462 Feria
369 1422 406 1463 .v.
423 1402 465 1464 de
481 1401 567 1463 sesto
582 1401 654 1473 loci,
671 1411 705 1464 ct
722 1402 882 1463 memoria
897 1402 939 1464 de
955 1410 1072 1464 sancto
1088 1400 1267 1466 Germano.

200 1518 233 1587 (Ι
258 1514 286 1575 F
288 1514 355 1574 cria
369 1514 429 1589 .vi,
444 1513 486 1575 de
502 1523 620 1575 sancto
638 1514 736 1576 Petro
751 1515 793 1576 ad
807 1513 957 1589 Vincula,
972 1514 1206 1577 lnuitatorium
1223 1514 1346 1596 triplex

157 1600 201 1662 ix.
218 1600 397 1663 lectiones:
421 1601 581 1663 memoria
597 1601 639 1662 de
655 1601 878 1681 martyribus.⁴

201 1718 234 1787 (Ι
258 1711 418 1789 Sabbato,
434 1713 476 1774 de
493 1722 609 1776 sancta
627 1713 744 1785 Maria,
760 1723 794 1775 ct
811 1714 972 1776 memoria
988 1713 1030 1776 de
1046 1716 1214 1795 martyrc.⁵

201 1829 235 1899 (Ι
259 1825 315 1887 Ab
340 1825 402 1887 hac
421 1825 484 1902 die,
500 1845 604 1907 vsque
626 1825 669 1886 ad
695 1826 918 1907 inceptionem
942 1825 1080 1888 historie
1095 1825 1260 1906 (Domine,
1275 1848 1315 1889 ne
1330 1827 1365 1889 in

157 1911 236 1993 ira),
253 1913 436 1994 accipiatur
450 1923 586 1974 sextum
604 1912 644 1986 E,
662 1934 723 1994 pro
740 1913 850 1975 littera
865 1912 1067 1976 dominicali.

485 2123 522 2206 [r.
538 2124 593 2207 vi]
641 2124 801 2208 Sequitur
816 2126 971 2207 quintum
987 2126 1042 2188 ΕΡ

188 2322 197 2353 ¹
216 2323 316 2387 Septem
330 2322 525 2373 Dormientibus.
821 2322 832 2354 ²
849 2325 875 2375 S.
890 2325 1068 2375 Panthaleone.

188 2387 198 2418 ³
216 2389 261 2438 SS.
277 2388 369 2448 Felice,
382 2388 521 2453 Simplicio,
535 2389 656 2439 Faustino
666 2399 691 2439 et
704 2390 823 2439 Beatrice.

188 2453 199 2483 ⁴
216 2455 261 2505 SS.
278 2454 430 2503 Maccabeis.
819 2454 830 2485 ⁶
847 2455 873 2506 S.
888 2456 1028 2520 Stephano,
1042 2470 1119 2521 papa.

188 2519 199 2549 ⁶
216 2520 324 2568 n'eirncr
338 2520 450 2583 tailpiero
467 2536 514 2567 nor
522 2519 659 2584 following
672 2521 789 2584 heading,
805 2519 853 2582 87:
870 2522 983 2584 tailpiece
998 2538 1045 2570 om,
1065 2520 1113 2570 88:
1132 2521 1242 2584 heading
1255 2537 1301 2570 om.
1322 2534 1365 2584 97,

153 2598 195 2635 01.
