3060 5092
504 395 698 456 QUARTUM
710 395 743 444 E.
779 395 845 443 xvii.
859 395 931 443 xiiii.
947 396 983 443 ix.
997 395 1033 444 vi.
1247 426 1256 437 .
1323 389 1369 455 381

201 553 235 622 (I
261 549 357 611 Feria
371 548 424 611 iii.
440 548 605 610 dicuntur¹
624 547 780 629 Exequie
807 548 1027 623 Mortuerum,
1049 567 1126 609 cum
1153 546 1198 610 ix.
1223 545 1372 607 lectioni-

155 633 230 708 bus,
248 645 282 697 et
304 636 404 698 missa
428 636 460 697 in
485 636 639 697 crastino.
687 634 856 717 Deinceps
880 655 946 697 non
970 635 1124 697 dicantur
1146 635 1178 696 in
1203 641 1371 695 conuentu

155 723 356 803 quotidiano
372 723 524 804 exequie,
540 741 645 804 vsque
661 732 738 804 post
754 721 861 803 (Deus
875 721 1045 802 omm'um).
1075 770 1079 780 .

335 853 370 996 Ἦ
394 846 459 969 Daie
477 847 588 923 Pasce,
598 856 632 909 et
647 867 707 929 per
721 846 981 923 hebdomadam,
991 854 1099 909 totum
1113 846 1155 908 de
1171 845 1374 909 solennitate

352 943 423 996 esti.

202 1064 237 1133 (I
261 1057 429 1122 Omnibus
445 1058 538 1121 sestis
553 1079 630 1122 cum
647 1058 807 1140 regimine
823 1059 922 1134 chori,
939 1079 1042 1141 vsque
1058 1060 1100 1122 ad
1118 1058 1374 1130 Ascensionem,

158 1143 219 1208 fiat
236 1145 383 1208 solennis
400 1148 561 1208 memoria
585 1147 627 1208 de
651 1147 898 1222 resurrectione,
914 1148 955 1208 ad
973 1156 1131 1228 vtrasque
1146 1165 1310 1227 vesperas,
1326 1146 1375 1206 et³

159 1235 353 1309 matutinas,
369 1244 402 1295 et
418 1235 461 1296 ad
479 1234 625 1308 missam,
643 1233 705 1295 nisi
722 1234 754 1294 in
773 1232 973 1296 quentione
989 1232 1113 1298 Sancte
1137 1232 1265 1297 Crucis⁴
1280 1242 1315 1294 et
1338 1232 1371 1293 in

158 1319 311 1383 sabbatis
341 1320 384 1383 ad
415 1341 580 1403 vesperas.
642 1320 897 1383 Benedictiones
935 1319 1065 1382 feriales
1096 1340 1162 1383 non
1193 1320 1372 1393 dicuntur,¹

158 1427 265 1488 usque
282 1418 358 1489 post
374 1407 481 1487 (Deus
494 1408 640 1470 omnium
643 1438 662 1487 ).

155 896 240 966 April
257 895 309 967 ¹3·]

336 1538 370 1607 (l
394 1532 573 1594 Dominica
611 1533 658 1613 (in
698 1532 807 1612 albis),
844 1533 951 1614 prima
996 1541 1073 1614 post
1112 1533 1224 1604 Pasca,
1263 1531 1372 1592 minus

338 1619 489 1702 duplex:
512 1628 621 1682 totum
644 1620 688 1681 de
710 1619 851 1682 seruitio
873 1620 1074 1695 dominicali,
1090 1628 1123 1681 et
1148 1618 1307 1681 memoria
1330 1618 1373 1679 de

160 1706 403 1769 resurrectione
419 1726 494 1768 cum
513 1708 623 1768 missa.
671 1707 747 1768 Non
766 1707 895 1768 dicatur
909 1707 1024 1787 (Deus,
1038 1706 1099 1787 qui
1110 1706 1268 1768 hodierna
1283 1705 1349 1785 die)
1361 1728 1374 1766 .·

160 1792 220 1854 sed
237 1792 381 1856 dicatur³
397 1792 496 1870 Deus,
513 1793 642 1875 quiper
656 1794 870 1874 umgenitum.

158 1581 241 1651 April
255 1581 312 1652 zo]

160 1922 238 2065 dli
263 1918 360 1980 Feria
390 1918 429 1980 .ii.
461 1920 503 1981 de
542 1918 631 1981 seria.
693 1918 958 2001 Responsorium
997 1917 1133 2000 Dignus
1169 1939 1207 1981 es.
1270 1917 1375 1978 lllissa

184 2006 379 2068 ominicalis.

204 2135 238 2204 (l
264 2130 361 2192 Feria
376 2130 427 2193 iii.
444 2128 588 2193 detesto
605 2130 676 2192 loci.

206 2260 240 2329 ll
265 2255 362 2317 Feria
379 2256 443 2317 iiii.
459 2256 502 2318 de
519 2265 636 2317 sancto
653 2255 821 2336 Georgio:
846 2255 955 2315 minus
972 2253 1108 2336 duplex.

207 2386 241 2455 ΕΙ
266 2381 362 2442 Feria
378 2403 415 2443 .v.
432 2381 474 2442 de
492 2380 580 2443 feria.
627 2380 892 2463 Responsorium
908 2379 1050 2441 Locutus
1071 2388 1124 2441 est.
1164 2378 1318 2460 Epistola
1341 2386 1376 2439 et

162 2469 375 2549 euangelium
392 2469 541 2530 eiusdem
559 2468 645 2530 serie.

206 2597 240 2666 ll
266 2592 362 2654 Feria
378 2593 438 2665 .vi,
453 2593 496 2654 de
512 2601 628 2654 sancto
647 2592 771 2666 Marco,
791 2590 931 2653 Inferius
948 2589 1084 2672 duplex.

208 2722 241 2791 (I
265 2716 426 2792 Sabbato,
443 2719 484 2779 de
499 2725 616 2779 sancta
634 2716 749 2778 Maria.

207 2848 241 2917 ll
263 2842 332 2905 Vbi
365 2842 447 2904 fiunt
478 2851 545 2904 tres
581 2842 927 2914 commemorationes,
963 2843 1001 2903 ln
1034 2862 1071 2902 .v.
1103 2839 1183 2902 seria
1222 2837 1279 2901 fiat
1312 2857 1378 2900 vna

164 2931 451 2992 commemoratio,

343 3059 376 3129 Π
400 3053 578 3116 Dominica
608 3055 647 3118 .ii.
679 3064 755 3135 post
788 3054 900 3129 Pasca,
923 3055 966 3117 de
992 3053 1132 3114 seruicio
1162 3049 1376 3115 dominicali:

343 3141 480 3203 tercium
498 3141 759 3223 Responsorium
770 3162 789 3202 a
802 3139 934 3203 duobus
949 3150 1109 3202 cantetur.
1158 3140 1196 3202 In
1213 3138 1380 3213 laudibuS,

165 3246 231 3288 vna
246 3228 439 3309 antiphona

164 3103 245 3173 April
259 3102 315 3174 27.]

186 3358 242 3500 hcl
267 3353 364 3416 Feria
391 3354 430 3416 .ii.
456 3355 499 3417 de
525 3361 643 3416 sancto
671 3353 804 3416 Vitale:
835 3363 901 3415 tres
928 3351 1086 3415 lectiones
1114 3370 1189 3413 cum
1217 3349 1378 3432 regimine

165 3459 265 3502 con.

210 3558 241 3627 Ε
266 3553 363 3615 Feria
379 3553 429 3614 iii.
446 3553 489 3614 de
506 3552 591 3615 sesto
607 3551 678 3614 loci.

210 3683 243 3752 (Ι
268 3678 365 3740 Feria
380 3679 454 3754 .iiii.,
469 3678 512 3740 de
528 3687 644 3740 sancta
661 3677 776 3739 Maria.

211 3811 243 3880 ἦ
268 3804 365 3866 Feria
381 3825 417 3866 .v.
434 3805 477 3866 de
493 3803 676 3886 apostolis.l
724 3801 864 3865 Inferius
880 3801 1017 3883 duplex.

210 3930 365 4004 (IFeria
395 3930 444 3990 .vi.
476 3930 518 3991 de
556 3928 644 3993 seria.
707 3927 970 4010 Responsorium
1009 3926 1144 4006 Dignus
1180 3945 1235 3989 es:
1274 3924 1381 3986 Missa

167 4015 386 4079 dominicalis.

228 4329 342 4378 dicantur
354 4347 360 4377 :
379 4328 417 4378 88.
711 4326 757 4377 SS.
772 4326 900 4375 Tiburtius
912 4323 964 4373 and
975 4323 1091 4388 Alphege
1104 4331 1131 4371 to
1143 4322 1175 4370 be
1187 4320 1275 4385 passed
1287 4334 1355 4368 over.

200 4393 212 4422 ³
228 4406 270 4444 et:
288 4411 335 4442 om.
350 4393 391 4455 87,
403 4394 443 4444 88.
683 4391 695 4421 ⁴
713 4392 775 4440 Maii
788 4392 822 4440 tii.

201 4458 212 4489 ⁵
228 4458 336 4509 dicitur:
354 4473 394 4510 01.
687 4454 698 4487 ⁶
715 4457 762 4508 SS.
777 4457 895 4521 Philippo
906 4465 931 4504 et
943 4454 1044 4503 Iacobo.
