2978 5084
135 352 184 412 482
455 351 731 401 DIRECTORIUM
755 348 1023 400 SACERDOTUM

312 512 346 581 (Ι
369 505 499 569 Littera
526 498 748 568 dominicalis1
774 501 814 578 F,
844 500 1010 564 kalendas
1037 498 1247 581 Septembris,
1265 509 1320 561 tota

313 603 467 656 cantetur
478 591 618 654 historia
632 589 677 653 Si
686 585 799 654 bona2:
815 588 979 652 memoria
988 597 1125 651 tantum
1135 589 1177 650 de
1187 582 1323 667 martyrel

142 677 180 737 In
198 678 353 742 laudibus
370 699 488 743 omnes
505 679 691 760 antiphone
707 677 873 740 dicuntur.

140 554 217 622 Sept.
235 553 269 625 1.]

183 804 217 873 (Ι
241 797 337 860 Feria
353 799 394 862 .ii.
412 799 454 860 de
470 806 588 861 sancto
606 795 753 878 Egidio:
777 795 834 859 lx.
847 794 1009 856 lectiones
1026 812 1106 856 curn
1118 788 1323 874 expositione*

184 925 218 994 (Ι
242 918 338 980 Feria
353 919 406 982 iii.
424 919 466 980 de
483 917 570 980 sesto
586 916 659 980 loci.

142 1126 220 1207 (nisi
237 1124 324 1187 lacte
341 1125 461 1188 suerint
477 1126 509 1187 in
527 1125 806 1206 quadragesima:
829 1131 909 1187 tunc
926 1122 1010 1185 fiant
1033 1123 1097 1199 hic,
1116 1121 1326 1186 Inuitatorium

145 1213 282 1294 duplex,
299 1223 333 1275 et
349 1213 402 1276 .iii.
420 1212 582 1275 lectiones
598 1211 640 1273 de
655 1210 849 1289 communi).

187 1343 221 1412 (Ι
245 1337 342 1399 Feria
373 1359 411 1401 .v.
443 1338 485 1400 de
516 1344 634 1399 sancto
665 1334 813 1411 Bertino,
837 1355 914 1399 cum
945 1344 1137 1399 nocturno:
1174 1332 1330 1397 versiculus

136 1422 296 1486 ⁵lustum'
327 1422 483 1487 deduxit?
544 1424 771 1506 Responsoria
814 1424 857 1485 de
902 1423 1010 1504 primo
1058 1434 1222 1486 nocturno
1255 1421 1331 1483 vuius

144 1512 284 1574 abbatis

187 1638 221 1707 (Ι
244 1632 341 1693 Feria
366 1632 416 1694 .vi.
440 1631 482 1694 de
510 1630 599 1707 seria,
622 1640 656 1693 et
680 1631 810 1694 dicatur
838 1629 1106 1712 Responsorium
1131 1629 1249 1705 feriale,
1272 1647 1332 1692 cum

146 1721 246 1782 missa
263 1728 381 1800 quarte
397 1718 485 1781 ferie.

187 1845 221 1914 (Ι
245 1837 404 1912 Sabbat0‚
425 1838 561 1920 plenum
584 1836 760 1900 seruicium
784 1837 826 1899 de
850 1847 968 1901 sancta
992 1835 1128 1901 Maria.⁶
1189 1834 1287 1899 Nihil
1302 1837 1336 1898 de
1397 1898 1399 1905 ,

145 1924 281 2006 vigilia8
311 1927 374 1987 nisi
405 1925 565 1987 ieiunium
597 1934 738 1987 tanturn.
784 1923 843 1986 Ad
874 1945 1040 2006 vesperas,
1074 1925 1197 1988 Oratio
1228 1924 1338 2006 Suppli·

143 2014 299 2075 cottonem
315 2035 328 2075 .·
351 2015 513 2075 memoria
529 2013 571 2074 de
595 2012 772 2081 dominica.
789 2023 824 2074 et
839 2013 882 2074 de
899 2010 1067 2075 Trinitate
1084 2013 1148 2074 sub
1164 2012 1298 2074 silentio

188 2142 220 2211 (Ι
242 2134 310 2196 Vbi
335 2135 419 2198 frunt
446 2146 513 2199 tres
540 2136 886 2214 commemorationes,
915 2134 954 2197 ln
980 2137 1031 2199 .vi.
1059 2133 1157 2200 feria⁹
1180 2157 1245 2199 vna
1266 2153 1340 2197 com·

145 2223 351 2298 memoratio
369 2234 402 2284 et
420 2222 685 2305 Responsorium
702 2223 815 2286 feriale
831 2220 1044 2287 omittatur.¹⁰

189 2351 222 2419 (Ι
245 2342 282 2407 Si
313 2343 425 2424 aliqua
455 2343 625 2406 dominica
662 2343 715 2405 hic
746 2343 869 2407 debeat
900 2344 1033 2419 differri,
1065 2354 1146 2407 tunc
1179 2344 1271 2408 nulla
1296 2341 1346 2404 fiat

147 2432 307 2497 memoria
324 2431 366 2492 de
382 2431 561 2507 dominica,
579 2450 639 2492 nec
656 2433 699 2494 de
715 2428 891 2493 Trinitate.

321 2557 352 2624 G
379 2551 558 2612 Dominica
575 2552 614 2614 ‚ii
633 2551 754 2614 lestum
779 2551 977 2614 natiuitatus
1002 2551 1100 2613 beate
1119 2552 1238 2624 Marie,
1255 2551 1349 2615 maius

323 2636 485 2718 duplex.¹1
531 2639 588 2701 Ad
617 2640 781 2700 secundas
807 2635 857 2723 [x.
885 2635 943 2724 vi]
968 2659 1126 2718 vesperas
1149 2661 1212 2719 pro
1234 2641 1350 2721 hymno

147 2723 277 2784 dicatur
293 2723 541 2802 (Laudandus).
588 2725 693 2787 Missa
708 2727 918 2788 dominicalis
935 2737 1089 2788 cantetur
1112 2728 1144 2787 in
1162 2728 1310 2808 capitulo
1323 2727 1351 2786 in

147 2810 212 2872 .iiii.
229 2810 283 2871 die
300 2814 384 2874 inira
399 2824 536 2874 octauas
553 2813 630 2888 (nisi
649 2813 816 2875 dominica
833 2813 1032 2888 differatur).

149 2603 225 2669 Sept.
241 2599 277 2668 8.]

193 2935 225 3004 (Ι
251 2930 346 2992 Feria
365 2933 406 2995 .ii.
430 2935 471 2994 de
494 2930 656 2994 octauis⁸:
682 2934 820 2995 tercium
843 2934 1108 3014 Responsorium
1134 2933 1306 2997 Gloriosc:
1328 2944 1356 2995 et

151 3019 310 3079 memoria
327 3020 368 3080 cle
385 3032 501 3082 sancto
519 3019 702 3099 Gorgonio

189 3226 191 3239 '
211 3224 376 3272 dominicali:
395 3225 434 3285 87,
449 3226 489 3276 88.

184 3288 193 3314 ²
212 3302 233 3347 (Ι
250 3292 281 3337 Si
298 3292 367 3338 dono.
405 3305 425 3351 ρ
445 3292 588 3351 Domuum,
608 3293 701 3342 scilicet
722 3293 803 3357 primo
823 3294 863 3341 die
883 3293 976 3342 mensis
995 3294 1153 3356 septembris,
1175 3302 1231 3342 tora
1254 3305 1362 3343 cantetur

153 3353 257 3427 historia
271 3358 301 3403 Si
317 3359 388 3415 lurra,
403 3370 426 3403 er
448 3360 569 3405 memoria
582 3360 614 3407 de
630 3370 717 3408 sancto
731 3360 828 3416 Prisc03
845 3368 869 3406 et
889 3360 980 3409 festum
1000 3360 1080 3407 suncti
1096 3359 1179 3422 Egidij
1198 3359 1328 3408 differatur
1340 3360 1362 3406 in

153 3429 295 3469 crastinum.

187 3484 208 3530 F
210 3485 261 3532 erin
273 3487 307 3548 iij.
322 3498 346 3533 et
359 3488 472 3548 sabbato,
487 3493 518 3538 cle
531 3490 796 3538 comemoracionibus.

189 3549 260 3597 Feria
272 3554 304 3614 vj.
319 3554 416 3601 dicatur·
428 3559 613 3618 responsorium
627 3556 719 3603 feriale.

187 3614 213 3663 Si
233 3615 323 3666 suerint
339 3618 373 3678 iij.
389 3622 626 3679 cornemoraciones,
640 3622 665 3669 iu
686 3622 717 3684 vj.
733 3620 792 3669 seria
808 3618 850 3666 fiat
869 3634 915 3664 vna
930 3619 1121 3677 comemoracio‚
1136 3630 1161 3667 et
1179 3622 1366 3683 responsorium

153 3679 238 3727 feriale
251 3687 447 3743 pretermittitur
461 3705 466 3733 :
485 3699 523 3747 77.

186 3745 195 3770 ³
213 3745 239 3794 S.
256 3748 348 3798 Prisco.
792 3750 801 3776 ⁴
819 3749 960 3811 euangelii:
979 3748 1019 3811 87,
1034 3748 1073 3798 88.

187 3810 240 3843 ⁵-⁵
257 3828 304 3861 oni.
318 3827 358 3876 97,
371 3829 412 3863 or.

188 3878 196 3898 'i
217 3877 321 3926 Plenum
333 3882 463 3931 servicium
477 3885 508 3931 de
520 3899 651 3931 commem.
667 3884 695 3931 B.
710 3881 799 3929 Marie.
838 3880 911 3927 Crede
923 3881 960 3927 rll.
975 3882 988 3941 ξ
1003 3882 1049 3941 164
1060 3897 1083 3937 a,
1099 3897 1124 3943 P·
1139 3891 1178 3939 74·

190 3942 197 3966 ⁷
216 3953 240 3988 et
253 3944 348 3992 nichil:
368 3945 408 4005 87,
422 3948 462 3996 88.
799 3946 808 3971 ³
827 3945 887 3992 Nat.
904 3946 931 3993 B.
947 3946 1050 3993 Mariae.

189 4005 198 4030 ⁹
216 4005 277 4055 fiat:
295 4011 351 4059 add.
366 4023 407 4071 97,
420 4027 460 4062 or.
797 4010 816 4038 ¹⁰
833 4013 1047 4073 pretermiuatur:
1065 4010 1105 4071 87,
1120 4010 1160 4058 88.

191 4069 206 4098 ¹¹
227 4085 248 4131 (Ι
267 4075 403 4125 Dominica
415 4079 441 4140 ij.
456 4083 487 4128 cle
500 4080 631 4127 natiuitate
644 4079 717 4126 beate
734 4076 822 4134 lilarie,
838 4087 862 4123 et
876 4078 995 4124 memoria
1008 4077 1054 4124 sub
1067 4076 1173 4124 silencio
1184 4074 1215 4121 de
1228 4074 1367 4130 dominim.

156 4145 180 4183 et
201 4138 232 4185 ‹le
253 4140 385 4199 Trinitate,
400 4144 446 4191 nisi
471 4146 555 4207 aliqua
573 4143 701 4191 (lominica
720 4144 810 4192 debeat
834 4141 936 4197 differri,
953 4154 1010 4190 tunc
1033 4142 1103 4189 uuila
1128 4141 1171 4189 fiat
1189 4141 1313 4187 memoria
1338 4141 1368 4187 de

156 4203 291 4261 (lominica,
307 4224 352 4254 nec
365 4210 396 4255 cle
409 4210 540 4259 'l'riuitate

189 4269 302 4317 Sabbato
314 4273 345 4320 de
358 4290 440 4323 cruce.

174 4334 228 4404 'Ad
243 4335 276 4396 ijr.
293 4352 408 4399 vesperas
421 4341 462 4388 frat
475 4341 585 4388 solennis
597 4339 717 4388 memoria
733 4340 764 4386 (le
778 4348 863 4385 sancia
880 4338 961 4385 Maria
978 4348 1002 4387 et
1015 4341 1046 4387 ‹le
1058 4346 1145 4387 sancto
1159 4337 1183 4383 N
1186 4335 1328 4392 ichomerle,
1344 4346 1366 4381 et

155 4395 258 4446 hmoria
270 4403 327 4448 Peto
338 4404 435 4451 dominc
445 4407 576 4454 inchoetur
589 4421 644 4452 curn
659 4405 779 4453 memoria
791 4404 837 4449 sul)
850 4403 953 4451 silencio
965 4423 970 4451 ε
991 4416 1030 4465 77.

189 4463 227 4509 De
240 4480 262 4512 v,
278 4466 387 4517 lectione
399 4471 424 4517 in
436 4471 500 4520 sesto
513 4473 573 4519 Nat.
590 4471 616 4518 B.
630 4472 720 4527 Mane,
735 4471 792 4517 vide
807 4468 882 4517 Crede
894 4471 932 4519 M.
948 4469 961 4528 ξ
978 4483 1030 4528 190,
1047 4488 1069 4534 p.
1086 4483 1124 4530 79.
