2978 5084
141 348 192 402 442
461 330 737 383 ornncrunrorr
757 328 1028 382 sncnnoorcur.

184 495 219 565 11
241 488 339 551 Feria
354 485 407 561 .ii.,
422 493 458 549 et
473 484 506 548 in
522 482 641 549 ceteris
655 482 746 549 seriis
761 502 822 567 per
835 480 1098 559 hebdomadam,
1113 478 1160 545 de
1173 478 1292 544 ieiunio.

144 681 169 745 t·
186 598 221 668 11
244 591 382 713 Felstum
413 588 520 653 sancti
548 587 685 653 Ricardi
709 586 884 653 differatur
902 606 1009 671 vsque
1035 586 1081 651 ad
1107 584 1182 649 eius
1210 580 1325 649 transla-

160 698 282 743 ionem.

188 796 222 866 εἷ
244 788 383 852 Festum
424 787 533 851 sancti
578 784 753 851 Ambrosii
786 784 960 851 differatur
991 804 1098 869 vsque
1133 780 1182 847 in'
1213 781 1327 848 terciam

143 877 261 942 feriam
278 885 356 959 post
372 884 512 939 octauas
528 870 660 939 Ρειεοε.8

186 994 221 1064 11
243 987 340 1051 Feria
355 987 411 1051 iii.
427 986 585 1051 dicuntur
600 984 757 1069 Exequie
780 984 1002 1061 Mortuerum,
1021 1001 1101 1047 cum
1127 982 1185 1048 irs
1201 981 1329 1047 lectioni-

142 1076 214 1154 bus,
230 1086 265 1140 et
280 1074 383 1138 missa
397 1074 431 1138 in
447 1073 603 1138 crastino.

141 1243 210 1313 Apr.
223 1236 261 1309 7·]
313 1186 567 1339 gtffgsgm·
582 1197 618 1251 et
633 1206 693 1269 per
712 1180 989 1263 hedemadam‘
1003 1191 1117 1249 totum
1141 1181 1186 1248 de
1207 1182 1333 1247 solenni·

185 1390 220 1460 (Ι
241 1384 389 1467 Quando
405 1384 444 1447 frt
463 1384 643 1449 seruicium
666 1383 699 1448 in
723 1382 842 1447 diebus
864 1382 1041 1447 dominicis
1061 1383 1107 1447 de
1128 1382 1245 1467 aliquo
1264 1382 1336 1445 sesto

141 1492 219 1536 cum
235 1472 398 1555 regimine
413 1470 514 1547 chori,
526 1491 632 1554 vsque
647 1471 692 1535 ad
706 1469 953 1536 Ascensionem
968 1468 1118 1543 Domini,
1128 1468 1192 1535 fiat
1205 1468 1336 1533 solennis

142 1559 304 1623 memoria
327 1560 370 1623 ad
393 1570 554 1641 utrasque
576 1578 733 1643 vesperas
758 1568 794 1622 et
817 1556 1001 1622 matutinas
1022 1557 1068 1621 de
1088 1556 1265 1633 dominica
1286 1555 1336 1619 sed

143 1665 317 1728 nunquam
333 1645 377 1710 ad
395 1645 542 1710 missam.

186 1763 220 1833 ΙΙ
243 1756 413 1823 Omnibus
442 1756 536 1821 sestis
568 1777 645 1822 cum
675 1756 838 1839 regimine
866 1754 968 1832 chori,
993 1774 1101 1837 usque
1126 1756 1173 1820 ad
1204 1754 1339 1839 vigiliam

142 1843 360 1909 Ascensionis
377 1844 526 1920 Domini,
543 1843 603 1908 fiat
623 1844 784 1908 memoria
806 1844 850 1908 de
868 1841 1111 1907 resurrectione
1132 1843 1179 1907 ad
1195 1852 1341 1925 utrasque

142 1950 298 2014 vesperas
317 1940 352 1994 et
367 1931 552 1995 matutinas
568 1941 603 1995 et
618 1931 661 1993 ad
679 1932 826 2009 missam,
842 1930 917 1994 Nisi
940 1930 974 1993 in
995 1930 1204 1995 Inuentione
1226 1929 1340 1997 Sancte

144 2018 267 2093 Crucis,
285 2019 370 2081 etin
390 2017 542 2082 sabbatis
563 2019 607 2081 ad
629 2037 798 2101 vesperas.
842 2016 1102 2083 Benedictiones
1124 2015 1260 2083 feriales
1280 2036 1340 2081 non

142 2102 320 2182 dicuutur,⁶
337 2125 442 2188 vsque
457 2112 536 2188 post
550 2105 658 2187 (Deus
670 2102 839 2187 connium).

224 2264 278 2337 u
317 2214 932 2385 intentissimas
945 2214 1343 2369 casuum

140 2390 242 2467 tione,
258 2409 335 2453 cum
353 2390 464 2453 missa.

183 2501 402 2579 (1Feriaii.
427 2502 470 2564 de
493 2501 584 2577 seria,
608 2500 698 2565 euml
727 2497 969 2584 Responsorio⁸
996 2501 1134 2585 Dignus
1154 2523 1198 2566 es.
1247 2502 1344 2566 Missa

139 2590 360 2653 dominicalis.

183 2708 218 2778 (1
241 2702 337 2763 Feria
348 2702 409 2777 .iii.,
421 2702 463 2764 de
480 2710 597 2764 sancto
612 2698 805 2776 Ambrosio,
819 2698 962 2763 Inferius
973 2700 1113 2783 duplex.
1152 2700 1344 2785 Capitulum

141 2789 404 2939 ggeeliplacerdos.
463 2788 509 2851 Et
536 2787 692 2869 legantur
716 2788 875 2852 lectiones
902 2788 946 2851 de
972 2788 1188 2870 proprietate,
1214 2791 1346 2854 nonde

182 2994 217 3064 (1
240 2987 337 3050 Feria
357 2988 422 3050 iiii.
447 2988 490 3051 de
513 2987 604 3052 seria.
652 2988 915 3070 Responsorium
934 2989 1079 3053 Locutus
1091 2996 1146 3053 ert.
1195 2988 1347 3071 Epistola

139 3085 173 3138 et
196 3076 409 3156 euangelium
431 3075 518 3138 illius
535 3076 622 3139 ferie.

182 3192 217 3262 (Ι
241 3187 339 3249 Feria
356 3208 395 3250 .v.
417 3186 460 3249 de
475 3186 562 3250 sesto
577 3185 652 3250 loci.

183 3305 216 3373 εἷ
240 3299 337 3360 Feria
363 3299 429 3375 .vi.,
454 3299 497 3361 de
519 3309 637 3362 sancto
656 3299 824 3381 Alphego,
843 3297 1080 3363 Inuitatorium
1097 3300 1247 3384 duplex:
1279 3316 1347 3367 tres

92 3460 96 3467 ,
140 3387 300 3449 lectiones
315 3386 359 3447 dc
378 3386 560 3449 communi.
608 3385 800 3468 Capitulum
827 3386 945 3450 Omnis
958 3388 1118 3471 pontifex.

171 3666 318 3729 ¹Jun.xvi.
800 3668 859 3718 ¹ud
862 3667 963 3732 scrin:
980 3667 1021 3732 87,
1035 3668 1076 3720 88.

171 3732 261 3796 Ἀρι.
275 3731 326 3781 xvi.

172 3797 182 3889 ζ
199 3810 224 3910 p
239 3798 269 3845 ln
280 3797 321 3847 die
334 3798 429 3911 Ιέπὲεὴε
440 3806 465 3848 et
476 3813 522 3862 per
532 3798 701 3847 ebdomadam
712 3798 744 3848 de
755 3798 904 3848 solennitate
915 3798 984 3850 festi:
1005 3809 1045 3862 77.

218 3869 328 3911 icantur:
379 3899 385 3912 .

172 3928 182 3955 ⁸
200 3927 351 3977 ‘Dominica
359 3929 384 3976 in
394 3936 445 3978 oct.
460 3928 561 3989 Pasche,
571 3936 652 3977 totum
664 3928 707 3977 fiat
718 3929 750 3978 de
762 3936 811 3979 oct.
823 3937 847 3979 et
855 3929 965 3980 solennis
976 3930 1097 3981 memoria
1108 3932 1140 3982 de
1152 3934 1348 3997 resurreccione,

139 3991 216 4042 nichil
228 3993 271 4041 fret
281 3993 314 4043 de
325 3993 468 4043 martiribus
480 3994 615 4055 [Tiburtia
631 3993 773 4055 Valeriano,
787 3995 855 4056 etc.].

173 4058 246 4107 Feria
258 4058 294 4122 iij.
306 4060 338 4107 de
350 4069 436 4108 saneto
447 4060 591 4109 Ambrosio.

173 4124 247 4173 Feria
258 4123 284 4188 ij.
299 4134 325 4173 et
336 4125 380 4188 iiij.
391 4129 423 4174 de
435 4124 503 4185 seria,
517 4125 673 4189 responsoria
683 4124 716 4174 de
728 4125 754 4190 ij.
768 4135 793 4175 ct
805 4125 841 4189 iij.
855 4126 930 4190 ierijs.

173 4189 246 4238 Feria
258 4206 281 4238 v.
295 4198 320 4239 et
331 4189 446 4250 sabbato,
460 4192 492 4239 de
503 4190 769 4240 comemoracionibus.

172 4254 199 4304 Si
211 4255 302 4304 luerint
313 4255 349 4319 iij.
363 4256 600 4317 commutaciones,
612 4257 638 4305 in
650 4255 694 4319 iiij.
708 4255 770 4305 seria
781 4254 824 4305 fiat
836 4271 886 4304 vna
897 4256 1087 4307 comemoracio.

172 4320 245 4369 Feria
257 4320 289 4384 vj.
304 4322 336 4369 de
353 4329 439 4370 sancto
456 4321 582 4385 Alphego.
619 4320 794 4372 Inuitatorium
811 4321 914 4386 duplex,
933 4332 958 4372 et
974 4321 1010 4371 sic
1026 4323 1053 4371 in
1069 4322 1188 4375 omnibus
1204 4324 1273 4376 iestis
1288 4328 1347 4377 sine

138 4384 259 4447 regimine
271 4386 339 4435 chori
351 4402 429 4452 vsque
441 4388 474 4435 ad
485 4395 601 4437 octauum
612 4387 680 4437 diem
692 4387 802 4451 corporis
815 4386 908 4436 Christi
921 4388 944 4436 :’
962 4396 1002 4449 77.
1130 4386 1133 4392 '

170 4450 179 4478 ¹
196 4467 268 4500 cum:
286 4468 333 4501 om.
348 4452 387 4514 87,
402 4450 442 4502 88.
797 4452 807 4480 ⁸
825 4454 1039 4518 Responsorium:
1056 4454 1097 4504 88.
