3060 5092
487 332 650 383 PRIMUM
672 332 704 381 F.
741 333 794 381 xvi.
812 349 836 381 v.
1220 343 1268 394 425

53 580 67 644 l
97 489 256 591 QFeria
294 488 347 564 .ii.,
382 489 426 552 de
467 486 692 571 martyribus}
724 489 962 553 Inuitatorium
1002 487 1153 570 duplex:
1201 498 1268 550 tres

66 590 231 642 ecuonea

99 694 135 766 (ἶ
158 688 256 751 Feria
268 688 324 751 iii.
338 688 382 751 de
397 687 485 752 sesto
500 688 573 764 loci,
589 698 624 752 et
640 688 803 752 memoria
818 689 862 752 de
879 684 1106 768 martyribus.²

100 917 139 989 (Ι
161 912 258 975 Feria
297 933 338 976 .v.
370 913 414 976 de
427 921 563 976 ·sancto
600 909 723 988 Petro,8
754 911 990 975 Inuitatorium
1028 910 1174 993 triplex:
1212 912 1269 977 ix.

60 1000 248 1064 lectiones:
270 1008 306 1062 et
321 1000 486 1063 memoria
500 1001 544 1064 de
560 998 769 1063 Machabeis.

103 1117 140 1189 ἦ
162 1111 261 1175 Feria
276 1112 341 1190 ‚vi.,
357 1112 400 1175 de
422 1122 542 1177 sancto
562 1109 760 1195 Stephano,⁴
775 1111 1010 1176 Inuitatorium
1033 1112 1184 1194 duplex:
1206 1122 1274 1177 tres

58 1199 235 1264 lectiones.
281 1197 477 1282 Capitulum
496 1199 616 1264 Omnis
626 1199 802 1283 pontifex(

105 1316 141 1388 (ἶ
164 1308 327 1385 Sabbato,
353 1310 396 1373 de
422 1311 623 1376 quentione
651 1311 768 1377 Sancti
790 1310 976 1394 Stephani:
1012 1311 1068 1374 ix.
1094 1311 1274 1375 lectiones:

61 1396 262 1480 Capitulum
277 1398 445 1461 Iustorum
459 1398 581 1463 anime.

105 1514 142 1586 ἦ
162 1508 233 1571 Vbi
249 1507 335 1572 liunt
349 1517 417 1573 tres
438 1512 786 1587 commemorationes,
803 1511 837 1573 in
854 1510 900 1576 .ii.
918 1510 999 1573 seria
1021 1509 1080 1573 fiat
1100 1529 1166 1572 vna
1186 1529 1276 1573 com·

63 1593 292 1672 memoratio,⁶
305 1604 341 1659 et
356 1596 519 1659 memoria
534 1597 578 1660 de
594 1594 821 1679 martyribus.⁵

108 1683 262 1765 Vespere
277 1693 375 1746 erunt
390 1683 433 1747 de
448 1684 626 1762 dominica,
642 1705 719 1749 cum
737 1684 964 1768 Responsorio
982 1683 1109 1768 Gyrum
1124 1684 1192 1748 celi.

106 1800 142 1872 (1
163 1793 224 1857 Ab
239 1794 303 1857 hac
319 1794 383 1871 die,
397 1814 503 1877 vsque
525 1797 569 1859 ad
586 1796 812 1879 inceptionem
835 1796 974 1861 historie
999 1798 1155 1878 (Domine
1175 1817 1213 1860 ne
1236 1797 1271 1858 in

62 1884 142 1960 ira),
155 1880 341 1964 accipiatur
354 1893 491 1947 sextum
506 1884 545 1960 F,
561 1904 622 1966 pro
637 1884 749 1948 littera
763 1883 964 1948 dominicali

457 2077 618 2162 Sequitur
632 2082 817 2144 secundum
834 2079 889 2144 F!

98 2336 106 2365 ¹
124 2335 174 2385 SS.
188 2335 283 2396 Felice,
297 2334 439 2402 Simplicio,
453 2345 501 2386 etc.
730 2334 742 2363 '
758 2335 807 2385 SS.
821 2336 917 2385 Abdou
928 2345 954 2386 et
966 2336 1075 2387 Sennen.

98 2399 281 2450 'advincnla
779 2416 828 2464 apa
839 2410 912 2452 mart.

735 2399 745 2427 4

97 2468 109 2495 ⁸
124 2465 356 2516 commemoratio:
372 2481 420 2515 our.
433 2463 475 2528 87,
488 2464 528 2515 88.
734 2465 744 2492 ⁸
761 2416 808 2516 SS.
823 2467 917 2527 Felice,
931 2475 981 2517 etc.

100 2532 111 2559 ⁷
128 2531 235 2581 Na'eher
243 2532 355 2596 tm’lpr’ece
364 2547 413 2580 nor
421 2531 536 2595 heading,
550 2529 599 2593 87:
616 2531 726 2595 tailpiece
734 2546 783 2580 om.
797 2529 838 2582 88.
