2978 5084
401 743 584 829 [Quinum
606 747 647 810 E.
689 748 759 809 xix.
784 749 828 810 xi.
850 748 915 811 viii.
940 748 996 831 iii]

131 885 291 968 [Epacte
314 901 359 964 17,
381 887 428 960 18,
455 901 505 960 20,
531 866 581 961 ἐκ,
603 885 684 965 stylo
708 885 868 966 antiquo,·
893 900 944 966 25,
968 888 1018 962 26,
1043 903 1093 966 27,
1110 888 1160 963 28,
1184 894 1234 966 29,
1252 902 1302 966 31,

76 973 175 1053 stylo
191 972 347 1035 moderno.
395 973 531 1046 Pascha,
550 972 655 1054 April.
673 972 748 1054 xx.]

135 1117 172 1186 (Ι
197 1111 293 1173 Feria
318 1111 379 1186 .iii.‚
406 1111 439 1172 in
474 1111 618 1172 crastino
649 1120 843 1173 octauarum
881 1111 1079 1192 Epiphanie‚
1111 1112 1154 1175 de
1185 1123 1302 1175 sancto

85 1198 216 1273 Felice,
240 1198 476 1260 Inuitatorium
499 1197 665 1278 simplex:
689 1208 755 1260 tres
778 1197 947 1273 lectiones,
964 1197 1158 1280 Capitulum
1184 1198 1302 1264 Omnis

76 1286 246 1368 pontifex.
295 1284 350 1346 Ad
368 1285 504 1347 missam
521 1284 675 1346 dicantur
690 1285 838 1366 quinque
854 1283 1009 1349 Collecte.

137 1402 172 1472 (Ι
197 1398 225 1459 F
226 1398 294 1460 eria
310 1397 385 1459 iiii.l
402 1397 445 1459 de
461 1395 547 1459 sesto
563 1395 636 1473 loci,
651 1406 686 1460 et
702 1397 863 1459 memoria
876 1398 920 1460 de
935 1407 1052 1460 sancto
1064 1398 1193 1461 Mauro.

136 1517 172 1586 (Ι
197 1511 262 1573 Hic
279 1509 442 1591 incipiunt
458 1508 613 1591 Exequie
631 1509 858 1583 Mortuorum.¹

131 1630 168 1699 (Ι
192 1622 288 1685 Feria
311 1643 357 1691 .v..
374 1620 417 1683 de
439 1630 557 1683 sancto
583 1620 751 1696 Marcello,
778 1621 1010 1684 Inuitatorium
1034 1621 1201 1703 simplex:
1230 1630 1299 1686 tres

87 1712 264 1784 lectiones,
279 1708 472 1791 Capitulum
491 1707 609 1771 Omnis
618 1708 772 1788 pontifex.

90 1911 100 1974 Ι
136 1828 172 1897 (Ι
196 1822 293 1884 Feria
315 1821 366 1884 .vi.
390 1820 432 1882 de
454 1829 572 1882 sancto
603 1818 756 1900 Sulpitio,
782 1820 1015 1883 Inuitatorium
1040 1820 1206 1903 simplex:
1237 1831 1303 1884 tres

104 1912 264 1973 ectiones.

139 2027 173 2097 (Ι
197 2020 358 2094 Sabbat0,
373 2019 416 2081 de
432 2029 548 2082 sancta
565 2017 681 2091 Maria,
698 2028 731 2080 et
749 2020 908 2082 memoria
924 2019 966 2082 de
981 2029 1097 2083 sancta
1114 2021 1233 2083 Prisca.

138 2140 173 2210 (Ι
195 2132 263 2196 Vbi
291 2130 376 2195 fiunt
402 2143 468 2195 tres
494 2132 839 2207 commemorationes,
857 2133 896 2195 ln
913 2152 942 2194 v.
959 2131 1040 2195 seria
1056 2131 1114 2195 fiat
1130 2153 1196 2196 vna
1211 2153 1302 2195 com-

91 2219 304 2284 memoratio.
373 2219 428 2282 Ad
452 2238 607 2301 vesperas
642 2220 684 2281 de
716 2228 834 2280 sancto
856 2218 1043 2294 Wulstano,
1067 2221 1228 2283 memoria
1261 2222 1304 2283 de

90 2309 275 2458 >lominica
303 2316 337 2369 et
363 2307 405 2367 de
433 2317 549 2368 sancta
579 2306 695 2368 Maria.
750 2305 796 2368 Et
834 2305 964 2369 dicatur
993 2306 1142 2388 psalmus
1180 2307 1242 2369 Ad
1271 2317 1301 2369 te

105 2415 216 2458 euaut.

272 2510 307 2580 (Ι
331 2504 459 2567 Littera
493 2503 715 2567 dominicalis²
744 2503 786 2581 E,
823 2503 953 2566 decimo
988 2514 1108 2587 quarto
1143 2505 1303 2568 kalendas

89 2560 158 2628 μη·
176 2553 228 2626 ¹9‘]
275 2592 456 2667 Februarii,
496 2590 622 2654 scilicet
669 2591 848 2653 Dominica
894 2591 1002 2672 prima
1044 2604 1120 2674 post
1165 2603 1303 2656 octauas

92 2679 297 2762 Epiphanie‚
323 2698 400 2741 cum
433 2679 592 2740 memoria
615 2679 789 2740 inchoetur
821 2677 956 2740 historia
979 2678 1136 2760 (Domine
1157 2679 1192 2742 in
1215 2680 1302 2760 ira):

87 2777 205 2830 totum
229 2765 374 2828 officium
398 2762 456 2826 fiat
479 2766 522 2827 de
544 2775 662 2827 sancto
685 2765 882 2844 Wulstano;
909 2766 952 2827 ix.
973 2765 1132 2829 lectiones
1155 2765 1237 2829 fiant
1260 2768 1303 2829 de

89 2853 275 2917 communi.
321 2852 426 2914 Missa
442 2851 650 2914 dominicalis
667 2853 699 2913 in
716 2852 864 2933 capitulo
879 2853 1029 2915 dicatur.³

139 2971 172 3040 (Ι
197 2964 294 3026 Feria
317 2963 357 3026 .ii.
380 2963 423 3026 de
450 2963 651 3044 martyribus
681 2963 830 3026 Fabiano
857 2974 891 3026 et
917 2964 1136 3029 Sebastiano:
1170 2967 1214 3029 ix.
1238 2966 1302 3029 lec-

87 3053 203 3116 tiones
218 3075 224 3114 :
249 3049 443 3133 Capitulum
458 3049 626 3112 Iustorum
641 3051 757 3112 om'me.

78 3170 171 3333 fic}
195 3165 223 3226 F
224 3164 292 3226 eria
308 3163 358 3224 iii.
375 3162 418 3224 de
438 3171 554 3224 sancta
571 3163 727 3245 Agnete:
746 3164 791 3225 ix.
809 3163 987 3227 lectiones:
1005 3163 1199 3246 Capitulum
1219 3143 1299 3231 Con-

123 3261 151 3313 te
171 3271 214 3312 or,

138 3369 171 3438 (Ι
196 3361 292 3425 Feria
314 3361 377 3425 iiii.
394 3359 435 3423 de
451 3371 569 3423 sancto
585 3361 785 3425 Vincentio:
810 3362 854 3424 ix.
872 3362 1037 3428 lectiones.

138 3482 171 3551 (Ι
196 3475 345 3538 Feria.v.
361 3472 404 3535 de
420 3471 505 3536 sesto
521 3472 595 3535 loci.

138 3594 171 3664 (Ι
196 3588 294 3650 Feria
309 3586 359 3649 .vi.
374 3588 417 3649 de
433 3595 550 3648 sancta
574 3586 691 3648 Maria.

136 3707 169 3776 (Ι
193 3699 352 3773 Sabbat0,
378 3699 420 3760 de
444 3709 562 3761 sancto
591 3699 702 3774 Paulo,
732 3699 965 3763 Inuitatorium
994 3702 1136 3783 triplex:
1164 3705 1208 3767 ix.
1234 3705 1298 3769 lec·

88 3790 211 3940 hirmos,
261 3785 318 3849 Ad
344 3805 509 3866 vesperas,
535 3787 694 3848 memoria
719 3786 762 3848 de
786 3786 901 3850 sancto
930 3788 1043 3866 Pau10,
1058 3800 1091 3853 et
1118 3791 1160 3853 de
1184 3803 1301 3856 sancta

136 3895 212 3938 arra

271 3990 304 4060 (Ι
328 3984 507 4046 Dominica
534 3985 582 4059 .ii.,
608 3995 679 4048 tota
706 3995 857 4048 cantetur
885 3986 1031 4049 historia.
1079 3988 1117 4050 In
1144 3989 1298 4054 laudibus

88 4041 154 4109 lm
170 4032 225 4105 ²⁶¹]
271 4091 336 4133 vna
350 4071 542 4153 antiphona.

126 4320 135 4352 ¹
153 4321 226 4376 iii.†:
243 4334 287 4385 97,
299 4336 339 4373 01.
803 4323 964 4378 dominicali:
982 4325 1022 4389 87,
1036 4326 1076 4377 88,

124 4386 136 4417 ³
152 4388 259 4438 dicitur:
277 4400 319 4451 97,
331 4401 372 4439 ot.
1120 4389 1136 4407 ’”

182 4469 266 4519 PICA
288 4468 425 4520 SARUM.
1103 4478 1120 4524 2
1145 4474 1169 4524 Ι)
