3060 5092
549 408 711 459 purum!
727 409 762 458 E.
796 411 850 459 m:
869 427 894 460 v.
1289 424 1337 478 3⁴5

168 564 202 634 ί
225 559 387 636 Sabbato‚
402 561 447 622 de
461 570 578 623 sancta
595 561 711 625 Maria

168 694 200 762 ί
225 688 293 750 Vbi
310 687 474 752 fiunttres
489 691 834 762 commemorationes.
851 692 885 754 in
908 692 948 755 .ii.
973 692 1053 756 feria
1076 693 1134 758 fiat
1155 714 1222 758 vna
1244 715 1335 758 eom-

127 777 348 851 memorati0‚¹
365 788 399 839 et
416 778 517 840 missa
529 777 739 840 dominicalis
754 788 907 841 cantetur
922 781 955 843 in
972 781 1127 862 capitulo.

302 920 334 988 G
360 913 539 978 Dominica
567 914 605 978 .ii.
633 926 710 997 post
743 915 856 993 Pasca,
882 919 925 980 de
955 918 1095 981 semicio
1121 918 1334 984 dominicali:

303 1003 441 1065 tercium
461 1003 723 1084 Responsorium
739 1004 907 1067 aduobus
922 1016 1081 1069 cantetur.
1127 1006 1165 1088 [p
1181 1007 1247 1090 .vi.]
1294 1008 1333 1070 In

125 1086 291 1163 laudibus,
306 1109 371 1152 vna
387 1090 581 1172 antiphona.

122 965 192 1034 Apr.
204 961 243 1034 6.]

166 1222 200 1364 ¹(
227 1218 379 1280 Feriaii.
395 1218 437 1280 de
455 1217 544 1280 seria
591 1218 818 1301 Responsoria
839 1221 975 1302 Dignus
996 1243 1051 1287 es:
1075 1223 1176 1285 missa
1192 1223 1334 1287 domini·

124 1322 165 1364 ca
179 1324 212 1365 rs.

167 1437 199 1505 Q
224 1433 322 1495 Feria
345 1433 399 1494 .iii.
421 1433 464 1496 de
488 1432 575 1495 seria
624 1434 887 1516 Responsorium
911 1435 1057 1499 Locutus.
1104 1437 1209 1500 Missa
1233 1437 1336 1501 Salus

115 1519 236 1599 populi.

167 1652 199 1720 ί
226 1648 322 1709 Feria
338 1648 401 1710 .iiii.
418 1650 461 1712 de
478 1647 567 1710 seria
615 1649 878 1732 Responsorium
905 1650 986 1714 Vidi
990 1662 1130 1731 portam.

167 1782 199 1850 ί
225 1777 375 1838 Feriau.
391 1777 536 1839 detesto
553 1777 624 1840 loci.

166 1920 200 1989 (
225 1914 386 1977 Feriasi.
403 1916 446 1978 de
462 1914 550 1977 seria
595 1915 858 1998 Responsorium
875 1916 1063 1997 Diguuses.

167 2058 201 2127 (
224 2051 386 2126 Sabbat0‚
402 2053 444 2115 de
460 2062 578 2116 sancta
595 2053 712 2115 Maria

166 2190 292 2266 (Vbi
316 2189 400 2253 fiunt
424 2201 491 2253 tres
521 2192 868 2268 commemorationes,
906 2194 939 2255 in
978 2193 1029 2255 .iii.
1068 2193 1149 2256 feria
1183 2192 1241 2257 fiat
1271 2215 1336 2257 vna

123 2281 411 2340 commemoratio.
458 2277 504 2340 Et
534 2289 613 2341 tunc
642 2281 674 2341 in
699 2280 778 2341 iiii?
804 2279 884 2342 seria
911 2281 1045 2342 dicitur³
1073 2282 1335 2363 Responsorium

124 2364 287 2427 Locutus:
311 2366 357 2428 Et
374 2366 406 2426 in
423 2366 472 2427 .vi.
490 2365 570 2428 feria
586 2367 718 2429 dicitur³
736 2368 997 2448 Responsorium
1024 2367 1104 2431 Vidi
1111 2380 1249 2449 portum.

129 2554 185 2605 ῃ
213 2567 221 2604 ¹
253 2549 265 2621 ]
300 2508 333 2577 (ᾗ
359 2501 538 2565 Dominica
564 2504 615 2565 .iii.
647 2513 723 2585 post
756 2504 868 2579 Pasca‚
898 2505 941 2567 de
968 2505 1107 2568 seruicio
1133 2505 1335 2569 dominicali.

123 2570 192 2736 ἐρ’
227 2567 251 2619 3·
301 2589 457 2738 Terczum
475 2589 739 2671 Responsorium
763 2612 783 2652 a
805 2591 936 2654 duobus
957 2602 1117 2654 cantetur.
1166 2592 1203 2654 In
1227 2592 1333 2655 laudi-

147 2695 195 2749 us,
211 2695 278 2737 vna
292 2695 334 2737 an
354 2697 387 2758 ip
412 2697 486 2739 ona

166 2809 199 2879 ί
224 2804 320 2866 Feria
343 2805 382 2867 .ii.
406 2807 450 2868 de
473 2805 697 2886 martyribus*
744 2806 979 2869 Inuitatorium
1004 2806 1151 2889 duplex:
1179 2817 1245 2870 tres
1269 2809 1333 2871 lec-

121 2892 243 2953 tiones³
258 2893 329 2953 sine
346 2893 507 2974 regimine
522 2893 622 2954 chori.

166 3029 320 3104 (Feria
358 3030 410 3091 .iii.
448 3032 491 3093 de
530 3030 618 3091 feria.
666 3031 927 3112 Responsorium
966 3030 1100 3113 Dignus
1136 3053 1177 3094 cs.
1227 3032 1332 3095 Missa

119 3116 338 3179 dominicalis

121 3340 271 3403 eiusdem
288 3340 376 3403 ferie.

166 3475 199 3545 (
224 3470 320 3532 Feria
335 3491 373 3533 .v.
390 3470 433 3531 de
449 3469 535 3532 sesto
551 3470 623 3533 loci.

166 3604 198 3673 (ἶ
223 3599 320 3661 Feria
335 3599 385 3661 .vi.
402 3599 444 3661 de
460 3599 550 3662 feria
598 3599 860 3681 Responsorium
887 3598 967 3661 Vidi
971 3610 1113 3680 portam.

166 3740 199 3810 (
222 3734 384 3811 Sabbato,
399 3734 442 3797 de
454 3744 571 3799 sancta
588 3735 704 3797 Maria.

165 3879 199 3948 (
223 3872 289 3934 Vbi
311 3871 397 3934 fiunt
414 3883 481 3935 tres
501 3872 846 3948 commemorationes,
866 3871 898 3933 in
920 3871 971 3934 .vi.
992 3871 1071 3934 feria
1087 3871 1145 3935 fiat
1160 3892 1226 3936 vna
1241 3893 1316 3936 com

122 3961 329 4022 memoratio.

155 4325 163 4355 ¹
182 4325 405 4375 commemoratio:
422 4343 469 4374 our.
484 4324 525 4386 87,
538 4324 578 4375 88.
776 4329 787 4354 ²
804 4326 837 4374 iii.
852 4344 858 4373 :
877 4325 918 4385 87,
932 4325 971 4374 88.

154 4390 166 4419 ³
181 4392 314 4440 dicuntur:
333 4390 375 4450 87,
387 4391 426 4439 88.
777 4391 787 4420 ⁴
805 4392 850 4442 SS.
865 4391 980 4440 Tiburtio
991 4402 1015 4440 et
1027 4390 1169 4439 Valeriano.

154 4455 166 4486 ⁸
183 4468 233 4506 tres
245 4456 366 4506 lectiones
376 4458 535 4505 transtosed:
551 4455 592 4506 88.
