3060 5092
415 354 502 404 PICA
525 354 635 404 EBOR.
674 355 702 403 C.
730 354 921 416 QUINTUM.
955 353 1010 418 viij.

114 510 183 562 Dec.
198 506 253 578 26]
284 513 319 583 (Ι
342 507 532 583 Dominica,
548 507 591 571 de
608 507 643 573 S.
662 506 838 591 Stephano
855 507 998 571 martire.

155 624 189 694 (Ι
213 618 242 680 F
243 618 312 683 eria
327 618 368 683 .ii.
386 620 430 683 de
444 627 563 682 sancto
577 619 734 700 Johanne
749 617 905 701 apostolo
921 629 955 683 et
971 618 1192 702 euangelista.

156 735 190 805 Q*
214 729 311 793 Feria
327 729 380 793 iii.
396 729 439 793 de
455 728 580 793 sanctis
597 729 844 808 innocentibus

155 847 189 916 (Ι
213 841 309 904 Feria
324 849 453 924 quarta,
470 840 513 904 de
530 841 565 906 S.
582 840 716 904 Thoma
733 841 878 904 martire.

156 959 190 1029 (Ι
213 953 311 1017 Feria
334 974 373 1016 .v.
398 953 441 1016 de
463 953 633 1017 dominica
655 952 740 1016 infra
762 963 825 1018 oct.
851 952 1049 1016 Natiuitatis
1075 952 1222 1029 Domini,
1245 973 1321 1017 cum

113 1041 273 1122 regimine
296 1041 407 1117 chori;
431 1049 465 1104 et
490 1040 582 1104 nulla
605 1041 767 1104 memoria
793 1039 851 1103 fiet
878 1041 921 1102 de
950 1039 1156 1104 Natiuitate:
1179 1042 1222 1103 de
1248 1041 1321 1104 aliis

113 1147 192 1191 vero
207 1127 360 1191 dicantur
376 1128 545 1191 memorie.
583 1127 641 1190 Ad
658 1128 700 1192 ii.
710 1147 875 1209 vesperas,
887 1127 1048 1190 memoria
1064 1126 1107 1190 de
1123 1126 1320 1204 Natiuitate‚

113 1215 194 1278 Ant.
210 1214 300 1278 Nato
315 1213 457 1277 Domino
471 1215 670 1297 angelorum,
684 1224 720 1279 et
735 1225 853 1279 cetera.

157 1332 191 1401 ἦ
214 1326 311 1389 Feria
324 1326 376 1389 .vi.
393 1326 436 1389 de
453 1324 488 1390 S.
505 1324 669 1390 Siluestro
685 1345 794 1408 papa:
819 1326 929 1389 medie
944 1325 1108 1390 lecciones
1122 1326 1165 1390 de
1187 1327 1321 1390 Natiui-

112 1423 201 1477 tate:
225 1412 317 1476 nulla
333 1411 390 1477 fiet
406 1413 567 1476 memoria
581 1413 625 1477 de
646 1412 679 1478 S.
699 1412 861 1478 Siluestro
882 1413 915 1475 in
934 1414 963 1480 .i.
979 1414 1127 1498 vesperis
1150 1411 1319 1478 Circunci·

115 1501 226 1577 sionis,
242 1519 304 1563 nec
318 1500 362 1564 de
377 1500 459 1564 aliis.

158 1619 192 1689 11
216 1613 376 1692 sabbato,
392 1613 435 1676 de
450 1610 536 1676 festo
553 1611 810 1678 circuncisionis
827 1613 976 1677 Domini.
1019 1613 1064 1677 Et
1078 1622 1189 1677 cetera
1204 1613 1318 1676 omnia

115 1703 148 1763 in
186 1701 225 1764 B.
256 1700 366 1763 littera
403 1699 604 1776 dominicali,
643 1700 882 1781 qualiscunque
919 1700 1105 1783 contigerit,
1135 1701 1318 1764 secundum

116 1807 291 1851 numerum
307 1795 520 1870 prenotatam
538 1787 571 1850 in
587 1785 704 1851 tabula
720 1787 818 1850 huius
834 1785 930 1851 libri.¹

528 1959 537 1988 ¹
560 1960 617 2010 Vide
625 1968 712 2025 supra,
726 1977 769 2027 pp.
784 1970 840 2023 571,
855 1970 911 2023 572.
