3060 5092
433 638 584 710 OEtttlum
600 642 640 705 E.
686 664 741 704 xv.
759 643 816 704 xii.
834 642 901 705 ¹iiii.
918 643 936 705 i.
952 642 1017 704 vii.¹

156 780 311 863 [Epacte,
328 797 378 857 29,
399 797 423 855 r,
441 796 469 858 3,
483 798 513 857 4
529 781 610 859 stylo
631 784 793 860 antiquo,·
817 785 846 855 8,
862 799 892 858 9,
913 797 958 853 10,
981 795 1027 855 11,
1048 796 1094 855 12,
1115 795 1161 857 13,
1182 795 1229 856 14,
1243 778 1324 858 stylo

111 869 272 930 nrodcrno.
320 867 457 943 Pascha,
470 867 551 949 Apr.
569 867 624 949 vi]

288 1010 322 1078 (
345 1004 456 1066 ²Feria
486 1004 537 1066 .iii.
570 1005 602 1065 in
641 1005 786 1085 crastino
817 1012 1011 1066 octauarum
1051 1003 1250 1084 Epiphanie
1282 1004 1324 1065 de

110 1056 174 1124 μη·
192 1050 244 1122 14]
290 1100 408 1153 sancto
429 1090 545 1152 Felice.
595 1091 830 1153 Inuitatorium
853 1091 1021 1173 simplex:
1056 1102 1122 1153 tres
1144 1091 1324 1152 lectiones:

110 1177 307 1328 {ppietcutlprn
342 1178 462 1242 Omna
491 1178 649 1258 pontifex.
711 1178 767 1241 Ad
808 1178 945 1240 missam
983 1179 1138 1240 dicantur
1175 1179 1325 1258 quinque

156 1382 189 1452 (
216 1377 282 1438 Hic
299 1376 463 1457 incipiunt
478 1377 674 1456 quotidiane
691 1377 847 1459 Exequie
865 1377 1085 1439 hlortuorum.

156 1494 189 1564 (
215 1489 311 1550 Feria
332 1488 406 1561 iiii,
429 1487 471 1549 de
496 1496 614 1550 sancto
643 1488 773 1560 Maur0‚
797 1488 1031 1550 Inuitatorium
1057 1487 1226 1568 simplex:
1259 1499 1325 1549 tres

112 1576 282 1637 lectiones

153 1693 188 1761 (
213 1688 240 1749 F
243 1688 309 1749 eria
324 1709 361 1748 ,1.
379 1688 422 1749 de
438 1685 523 1748 sesto
540 1685 612 1762 loci,
628 1695 661 1748 et
679 1687 839 1748 memoria
855 1687 897 1749 de
913 1690 1053 1748 sancto,⁴

153 1805 186 1874 ί
212 1800 239 1860 1²
241 1800 308 1860 cria
323 1800 372 1860 .vi.
390 1798 432 1860 de
448 1810 566 1860 sancto
582 1796 749 1879 Sulpitio:
772 1799 953 1860 versiculus
977 1808 1010 1861 et
1033 1798 1260 1880 Responsoria
1281 1799 1324 1860 de

111 1887 260 1949 secundo
277 1896 449 1947 nocturno

154 2005 188 2073 ί
213 1998 373 2072 Sabbata
388 1996 431 2058 de
448 2005 564 2058 sancta
581 1997 697 2059 Maria.

155 2117 189 2185 ί
213 2110 281 2172 Vbi
310 2108 394 2172 fiunt
425 2119 492 2170 tres
522 2109 868 2183 commemorationes
899 2110 932 2170 in
964 2108 1027 2170 ,iiii
1059 2107 1140 2171 seria
1172 2107 1230 2171 fiat
1260 2129 1325 2170 rna

111 2197 413 2261 commemoratio.⁵
458 2195 515 2257 Ad
535 2216 690 2276 vesperas
708 2196 882 2258 inchoetur
900 2196 1038 2258 historia
1054 2216 1130 2258 cum
1155 2196 1325 2270 memoria,

112 2306 189 2347 cum
207 2283 338 2367 psalmo
355 2283 417 2345 ald
440 2293 469 2344 le
483 2282 601 2344 lettorii.

113 2448 176 2516 san·
194 2442 246 2514 u
291 2396 478 2545 hilar
515 2393 961 2562 aurichalcha
975 2394 1350 2563 paralion.

113 2590 189 2632 cum
215 2571 375 2632 memoria
404 2568 577 2631 inchoetur
603 2568 741 2630 historia
777 2569 929 2645 (Domine
959 2591 998 2630 nc
1027 2569 1062 2629 in
1093 2570 1185 2645 irat:
1216 2577 1325 2630 totum

114 2656 266 2807 gfficlum‘
276 2658 338 2719 erit
354 2657 397 2718 de
412 2667 530 2717 sancto
547 2655 733 2717 Wulstano.
783 2656 886 2717 Missa
902 2656 1112 2718 dominicalis
1129 2657 1162 2717 in
1178 2656 1326 2736 capitulo

140 2764 190 2805 rca
207 2760 262 2806 ur:

158 2861 191 2930 ί
217 2856 314 2917 Feria
338 2855 377 2917 ii.
404 2854 446 2917 de
470 2854 672 2934 martyribus
702 2854 854 2915 Fabiano
877 2866 910 2915 et
935 2853 1155 2917 Sebastiano:
1189 2854 1233 2916 ix.
1262 2854 1325 2916 lec-

116 2943 244 3006 tiones:
269 2940 462 3023 Capitulum
479 2940 646 3002 Iustorum
662 2942 779 3004 anime.

114 3059 191 3217 ἡ
216 3055 313 3116 Feria
329 3054 379 3116 ,iii
397 3053 438 3115 de
454 3065 570 3115 sancta
586 3052 741 3134 Agnete:
765 3054 809 3115 ix.
828 3052 1007 3115 lectiones:
1024 3052 1217 3134 Capitulum
1245 3051 1325 3116 Con·

142 3152 172 3203 tc
189 3164 232 3204 or.

159 3371 189 3440 (
217 3365 243 3425 F
245 3366 313 3426 eria
329 3386 366 3426 .v.
383 3364 426 3425 de
443 3363 529 3426 sesto
545 3364 618 3426 loci.

158 3483 191 3553 ί
216 3478 313 3539 Feria
328 3479 377 3538 xi.
394 3477 436 3538 de
452 3487 569 3537 sancta
586 3475 701 3536 lllaria.

159 3589 377 3664 OESabbam,
415 3589 457 3650 de
503 3599 621 3648 sancto
662 3587 774 3655 Paulo.
815 3589 1049 3650 Inuitatorium
1090 3587 1234 3669 triplex:
1281 3589 1325 3651 ix.

116 3676 276 3739 lectiones
299 3728 305 3738 .
330 3675 480 3757 Vespere
496 3685 593 3737 erunt
616 3674 659 3736 de
683 3675 860 3748 dominica,
877 3687 909 3737 et
928 3675 992 3737 due
1010 3677 1177 3750 memorie,
1201 3675 1327 3738 scilicet

115 3765 159 3826 de
174 3776 293 3825 sancto
312 3763 424 3838 Paulo,
440 3775 474 3824 et
491 3763 532 3823 de
549 3772 665 3823 sancta
683 3761 798 3824 Maria.

148 3971 197 4008 ¹—¹
217 3974 258 4022 vii.
274 3975 316 4022 iiii.
332 3975 346 4024 i.
362 3993 368 4022 ε
386 3975 427 4036 87,
440 3974 480 4024 88.

146 4038 158 4067 ²
179 4040 229 4087 771‘·
240 4040 341 4102 chapter
351 4043 379 4088 in
391 4054 432 4101 97,
445 4055 486 4099 01,
500 4058 644 4090 rommmrcs
654 4057 695 4089 .·-

182 4105 249 4152 Nota
267 4105 334 4169 quod
352 4107 453 4170 quando
470 4108 529 4155 luna
545 4107 618 4155 currit
635 4123 679 4170 per
697 4107 723 4164 i.‚
742 4119 766 4155 ut
782 4107 864 4156 littera
874 4106 1031 4155 dominicalis
1044 4107 1075 4165 E,
1085 4116 1109 4154 et
1121 4105 1146 4153 in
1159 4105 1248 4154 eodem
1259 4119 1327 4152 anno

215 4170 287 4218 suerit
301 4172 419 4229 bisextus,
433 4182 491 4220 tunc
503 4172 639 4236 accipietur
651 4188 667 4233 4
680 4173 709 4220 E.

145 4234 157 4263 ²³
176 4235 260 4282 ‘rresl
272 4237 394 4285 collecte)
428 4238 504 4285 Brea.
519 4239 577 4285 Sor.
593 4249 663 4300 1531,
678 4255 702 4301 p.
717 4254 814 4287 cccxcv.
925 4236 935 4266 ⁴
952 4237 978 4285 S.
1000 4237 1128 4285 Marcelle.

145 4298 155 4327 ⁵
173 4313 197 4348 et
219 4313 278 4348 tunc
299 4302 323 4348 in
344 4302 376 4349 vi.
397 4301 457 4351 seria
474 4302 591 4351 dicuntur
609 4303 777 4366 Responsoria
794 4304 826 4351 (le
844 4303 926 4366 primo
943 4314 1065 4350 nocturno
1076 4302 1147 4350 vnius
1159 4300 1325 4349 confessoris:

109 4367 168 4414 aclrl.
185 4378 225 4425 97.
239 4379 279 4413 01.
571 4366 582 4396 ⁶
598 4368 641 4416 hoc
652 4378 695 4426 est,
710 4381 764 4431 post
778 4380 879 4417 octauas
894 4368 1051 4433 Epiphaniae.

143 4430 154 4462 ⁷
171 4431 265 4480 dicitur
276 4432 301 4479 in
314 4432 423 4496 capitulo
435 4432 488 4482 sine
501 4434 627 4482 memoria.
664 4434 740 4482 Brea.
756 4450 780 4498 p.
796 4450 893 4483 cccxcv.
