3060 5092
502 407 679 457 sanciunt
697 407 731 454 a
767 422 810 453 xv.
823 406 873 453 xit.
887 406 940 454 aar.
954 405 972 453 ι’.
986 405 1033 453 vii.
1321 403 1371 466 3⁶7

202 676 235 745 ί
260 671 358 733 Feria
373 693 410 734 .v.
427 673 470 734 de
486 671 571 735 sesto
587 671 658 734 loci.

156 788 235 930 I(
260 783 358 846 Feria
380 785 429 846 .vi.
453 785 496 846 de
519 796 636 846 sancto
652 783 835 846 Valentino
858 803 934 845 cum
957 791 1127 845 nocturno
1173 781 1367 863 Capitulum

177 880 225 931 ste
239 881 378 932 sanctus.

200 988 235 1056 (
259 980 419 1055 sabbato,
436 985 479 1046 de
494 993 610 1046 sancta
627 983 742 1045 Maria.

201 1100 235 1168 (
257 1094 327 1156 Vbi
358 1093 442 1156 fiunt
472 1105 539 1157 tres
570 1095 916 1170 commemorationeS,
946 1095 979 1155 in
1010 1093 1060 1156 .iii.
1093 1093 1173 1155 seria
1212 1091 1269 1155 fiat
1300 1112 1368 1154 vna

157 1183 442 1244 commemoratio,

158 1339 298 1411 feb.16‚]
333 1298 366 1367 ί
391 1294 570 1393 Dominica
590 1294 623 1356 in
647 1293 957 1393 Quinquagesima:
981 1303 1090 1356 totum
1114 1294 1156 1355 de
1179 1291 1369 1354 dominica:

336 1400 497 1443 memoria
512 1385 555 1443 de
571 1392 688 1444 sancta
706 1382 843 1443 Iuliana

199 1495 234 1564 (
259 1491 287 1552 F
288 1493 355 1553 eria
369 1493 409 1554 .ii.
426 1495 469 1556 de
485 1492 570 1555 festo
586 1494 658 1556 loci.

198 1607 233 1676 (
258 1603 286 1664 F
287 1605 355 1665 etia
370 1605 430 1679 .iii.,
445 1605 488 1666 de
504 1615 622 1668 sancta
639 1606 756 1667 Maria

199 1719 233 1788 ί
259 1715 354 1777 Feria
370 1717 432 1778 ‚iiii
450 1717 483 1778 in
500 1718 610 1798 capite
628 1718 740 1779 ieiunii
757 1717 799 1779 de
815 1715 904 1779 seria.

201 1831 234 1900 ί
259 1826 328 1887 Ab¹
352 1827 415 1890 hac
439 1840 558 1909 quarta
582 1827 671 1902 seria,
687 1850 793 1910 vsque
816 1841 892 1910 post
914 1837 1053 1891 octauas
1074 1827 1186 1898 Pasce,
1203 1825 1283 1887 nihil
1308 1824 1366 1887 fiat

155 1913 201 1974 de
216 1913 309 1976 sestis
325 1916 425 1977 trium
450 1916 641 1992 lectionum,
658 1917 721 1978 nisi
745 1928 878 1979 tantum
904 1916 1064 1977 memoria
1086 1914 1128 1975 ad
1152 1932 1309 1992 vesperas
1331 1923 1368 1975 et

156 1998 244 2082 [ad2]
262 2003 444 2064 matutinas
460 2003 558 2066 beate
575 2004 689 2066 Marie.

198 2117 234 2187 (i
259 2114 355 2175 Feria
384 2136 422 2177 .v.
454 2125 488 2178 et
518 2117 577 2192 .vi.,
607 2116 650 2177 de
682 2116 812 2178 ieiunio
874 2116 921 2177 Et
951 2115 984 2176 in
1014 2115 1063 2177 .vi.
1095 2113 1175 2175 seria
1213 2112 1369 2176 dicantur

159 2199 386 2280 Responsoria
403 2201 536 2265 ferialia

200 2311 418 2386 (Sabbato,
457 2315 501 2376 de
538 2323 657 2377 sancto
696 2314 818 2387 Petro,³
844 2313 1078 2377 Inuitatorium
1118 2313 1268 2396 triplex:
1322 2313 1367 2375 ix.

156 2396 336 2461 lectiones:
359 2398 510 2493 Vespere
524 2411 621 2464 erunt
637 2402 680 2464 de
695 2402 872 2477 dominica,
887 2411 923 2463 et
938 2402 1100 2463 memoria
1115 2401 1158 2464 de
1174 2401 1267 2463 sesto.

157 2560 219 2612 fb
242 2575 257 2599 θ
332 2516 366 2585 (ἶ
391 2511 570 2574 Dominica
586 2513 694 2594 prima
709 2513 975 2594 quadragesime,
990 2523 1099 2576 totum
1123 2513 1167 2574 de
1191 2512 1366 2574 dominica.

154 2576 199 2744 de
215 2557 306 2745 AM·
334 2597 482 2698 ’Vespere
502 2610 599 2662 erunt
622 2601 664 2662 de
686 2612 805 2663 sancto
829 2599 968 2676 Mathia,
983 2610 1018 2663 et
1040 2600 1187 2662 solennis
1207 2600 1369 2662 memoria

179 2702 199 2743 e
238 2703 392 2748 omrnrca.

199 2799 233 2867 C
257 2795 355 2859 Feria
370 2797 419 2869 .ii.,
435 2797 479 2860 de
494 2809 612 2860 sancto
629 2799 781 2861 Mathia:
807 2799 948 2861 Inferius
964 2798 1099 2880 duplex.

200 2911 233 2980 (s
257 2907 354 2970 Feria
369 2909 420 2971 .iii.
436 2910 499 2973 .iiii.
515 2932 553 2973 .v.
574 2921 609 2973 et
627 2912 686 2986 .vi.,
701 2912 744 2973 de
767 2911 898 2972 ieiunio.
945 2911 992 2973 Et
1015 2911 1048 2973 in
1072 2933 1109 2973 .v.
1134 2910 1213 2972 seria
1237 2910 1368 2972 dicatur

158 2992 422 3075 Responsorium
439 2996 559 3059 feriale.

200 3109 232 3178 ί
256 3105 417 3183 Sabbato,
434 3108 476 3171 de
492 3119 610 3172 sancto
626 3109 762 3171 Dauid:
785 3110 829 3172 ix.
847 3109 1027 3172 lectiones.⁴

156 3301 173 3364 s
200 3222 232 3291 (
258 3218 298 3280 In
322 3239 412 3282 anno
436 3220 585 3284 bisextili
612 3219 669 3284 fiat
693 3223 869 3284 seruicium
894 3222 936 3284 de
959 3231 1076 3284 sancto
1102 3221 1233 3283 Mathia
1257 3221 1291 3282 in
1315 3221 1368 3283 .iii.

168 3323 243 3367 ena

199 3421 234 3490 ί
257 3417 304 3479 Et
331 3418 375 3480 ab
401 3419 478 3481 hinc
502 3440 608 3502 vsque
633 3421 676 3482 ad
705 3421 929 3503 inceptionem
955 3421 1092 3483 historie
1115 3420 1171 3500 (In
1187 3418 1366 3501 principio)

155 3503 338 3584 accipiatur
353 3509 490 3569 tercium
508 3506 552 3580 D,
569 3528 630 3589 pro
646 3508 758 3571 littera
773 3507 984 3571 dominicali:
1007 3517 1041 3570 et
1062 3508 1236 3569 inchoetur
1258 3506 1302 3568 ad
1325 3506 1366 3568 .ii.

156 3589 359 3653 dominicam
377 3593 641 3676 quadragesime.

158 3711 305 3783 Marcha]
329 3711 363 3779 [i
388 3707 568 3769 Dominica
583 3707 622 3769 .ii.
639 3708 903 3789 quadragesime,
918 3717 1027 3768 totum
1044 3705 1088 3768 de
1102 3705 1277 3768 dominica

199 3823 231 3892 (
256 3818 353 3880 Feria
367 3819 407 3882 .ii.
423 3818 466 3881 de
481 3829 599 3882 sancto
615 3819 750 3883 Cedda:
774 3821 819 3882 ix.
836 3819 1015 3881 lectiones.⁴

199 3935 232 4004 ί
258 3931 354 3992 Feria
371 3932 431 4006 .iii.,
441 3941 475 3994 et
490 3932 610 3993 ceteris
626 3930 714 3992 seriis
730 3952 790 4013 per
805 3932 1064 4007 hebdomadam,
1075 3931 1272 3994 deieiunio⁵
1312 3930 1367 3991 In⁶

156 4036 195 4078 .v.
226 4017 307 4080 seria
337 4019 458 4080 dicitur
496 4019 641 4100 primum
674 4019 938 4101 Responsorium
976 4017 1099 4093 feriale,
1129 4031 1162 4080 et
1200 4016 1291 4079 aliud
1330 4016 1365 4077 in

158 4102 311 4178 sabbato,
327 4125 403 4166 cum
422 4106 649 4187 Responsorio
664 4106 776 4181 Pater,
786 4106 923 4186 peccaui.

189 4250 196 4280 ¹
215 4251 274 4300 Ad:
292 4265 332 4301 οι.
803 4253 814 4284 ²¹
831 4254 871 4315 87,
885 4254 924 4303 88.

188 4316 198 4345 ·'
215 4317 341 4366 cathedra
353 4319 379 4368 S.
396 4319 468 4368 Petri.
806 4320 816 4349 ⁴
832 4321 864 4369 de
876 4320 1019 4369 communi:
1037 4322 1093 4368 adri.
1108 4331 1149 4381 97,
1161 4332 1202 4368 01.

187 4380 198 4409 ⁵
215 4384 265 4431 Sed
276 4383 301 4431 in
310 4399 377 4433 anno
389 4384 520 4445 biesexrili,
530 4384 590 4434 seria
601 4385 646 4435 .iii.
660 4386 694 4435 de
705 4385 731 4436 S.
745 4386 837 4434 Dauid.

186 4444 198 4475 ⁴
214 4460 239 4495 et
250 4449 328 4506 lusere
338 4449 381 4498 in:
399 4448 440 4509 87,
453 4449 493 4499 88.
